@article{abdel2014convolutional,
	title={Convolutional neural networks for speech recognition},
	author={Abdel-Hamid, Ossama and Mohamed, Abdel-rahman and Jiang, Hui and Deng, Li and Penn, Gerald and Yu, Dong},
	journal={IEEE/ACM Transactions on audio, speech, and language processing},
	volume={22},
	number={10},
	pages={1533--1545},
	year={2014},
	publisher={IEEE},
	language={english},
}

@article{aivazyan1989prikladnaya,
	title={Прикладная статистика: Классификация и снижение размерности},
	author={Айвазян, Сергей Артемьевич and Бухштабер, Виктор Матвеевич and Енюков, Игорь Семенович and Мешалкин, Лев Дмитриевич},
	year={1989},
	publisher={Финансы и статистика},
	language={russian},
}

@misc{alekseeva2008,
	title={Численные методы оптимизации: Учеб. Пособие/Новосиб. ун-т, Новосибирск, 2008},
	author={Алексеева, Е В and Кутненко, О А and Плясунов, А В},
	language={russian},
}

@inproceedings{aubert1993continuous,
	title={Continuous mixture densities and linear discriminant analysis for improved context-dependent acoustic models},
	author={Aubert, X and Haeb-Umbach, R and Ney, H},
	booktitle={Acoustics, Speech, and Signal Processing, 1993. ICASSP-93., 1993 IEEE International Conference on},
	volume={2},
	pages={648--651},
	year={1993},
	organization={IEEE},
	language={english},
}

@manual{aviaizdat2010p4754,
	title={Руководство Р4754 по процессам сертификации высокоинтегрированных сложных бортовых систем воздушных судов гражданской авиации},
	journal={Международный авиационный комитет},
	organization={ОАО «Авиаиздат»},
	year={2010},
	language={russian},
}

@manual{aviaizdat2010p4761,
	title={Руководство Р4761 по методам оценки безопасности систем и бортового оборудования воздушных судов гражданской авиации},
	journal={Международный авиационный комитет and Авиационный регистр},
	organization={ОАО «Авиаиздат»},
	year={2010},
	language={russian},
}

@inproceedings{baker1990stochastic,
	title={Stochastic modeling for automatic speech understanding},
	author={Baker, James K},
	booktitle={Readings in speech recognition},
	pages={297--307},
	year={1990},
	organization={Morgan Kaufmann Publishers Inc.},
	language={english},
}

@article{bandaros2007sistema,
	title={Система распознавания команд речевого интерфейса пилота для интегрированной модульной авионики},
	author={Бондарос, Ю Г and Маковкин, К А and Чучупал, В Я},
	journal={Вестник компьютерных и информационных технологий},
	number={4},
	pages={2--13},
	year={2007},
	publisher={Общество с ограниченной ответственностью Издательский дом Спектр},
	language={russian},
}

@article{bandaros2008usage,
	title={Исследование речевых сигналов в условиях кабины летательного аппарата},
	author={Бондарос, Ю Г and Колоколов, А С and Костюк, А И},
	journal={Вестник компьютерных и информационных технологий},
	number={4},
	pages={2--10},
	year={2008},
	publisher={Общество с ограниченной ответственностью Издательский дом Спектр},
	language={russian},
}

@article{bandaros2009issledovanie,
	title={Исследование речевых сигналов операторов критичных по безопасности систем},
	author={Бондарос, Ю Г and Иванов, А И and Шишов, А А and Костюк, А И},
	journal={Вестник компьютерных и информационных технологий},
	number={11},
	pages={2--11},
	year={2009},
	publisher={Общество с ограниченной ответственностью Издательский дом Спектр},
	language={russian},
}

@article{bandaros2010opredelenie,
	title={Определение степени утомления оператора по экспоненте Ляпунова для его речи},
	author={Бондарос, Ю Г and Иванов, А И and Тищенко, А А},
	journal={Вестник компьютерных и информационных технологий},
	number={6},
	pages={22--30},
	year={2010},
	publisher={Общество с ограниченной ответственностью Издательский дом Спектр},
	language={russian},
}

@online{beam2017cnn,
	author={Andrew L. Beam},
	title={You can probably use deep learning even if your data isn't that big},
	year={2017},
	url={https://beamandrew.github.io/deeplearning/2017/06/04/deep_learning_works.html},
	language={english},
}

@book{benesty2007springer,
	title={Springer handbook of speech processing},
	author={Benesty, Jacob and Sondhi, M Mohan and Huang, Yiteng},
	year={2007},
	publisher={Springer},
	language={english},
}

@article{blumstein1980perceptual,
	title={Perceptual invariance and onset spectra for stop consonants in different vowel environments},
	author={Blumstein, Sheila E and Stevens, Kenneth N},
	journal={The Journal of the Acoustical Society of America},
	volume={67},
	number={2},
	pages={648--662},
	year={1980},
	publisher={ASA},
	language={english},
}

@inproceedings{chan2016listen,
	title={Listen, attend and spell: A neural network for large vocabulary conversational speech recognition},
	author={Chan, William and Jaitly, Navdeep and Le, Quoc and Vinyals, Oriol},
	booktitle={2016 IEEE International Conference on Acoustics, Speech and Signal Processing (ICASSP)},
	pages={4960--4964},
	year={2016},
	organization={IEEE},
	language={english},
}

@misc{chan2018speech,
	title={Speech recognition with attention-based recurrent neural networks},
	author={Chan, William and Jaitly, Navdeep and Le, Quoc V and Vinyals, Oriol and Shazeer, Noam M},
	year={2018},
	publisher={Google Patents},
	note={US Patent 9,990,918},
	language={english},
}

@misc{cifar10,
	title={CIFAR-10 and CIFAR-100 datasets},
	howpublished="\url{https://www.cs.toronto.edu/~kriz/cifar.html}",
	year={2018},
	note="[Интернет; проверено 19 марта 2019 года]",
	language={russian},
}

@article{cooper1952some,
	title={Some experiments on the perception of synthetic speech sounds},
	author={Cooper, Franklin S and Delattre, Pierre C and Liberman, Alvin M and Borst, John M and Gerstman, Louis J},
	journal={The Journal of the Acoustical Society of America},
	volume={24},
	number={6},
	pages={597--606},
	year={1952},
	publisher={ASA},
	language={english},
}

@misc{cuda,
	title={CUDA Toolkit from NVIDIA},
	howpublished="\url{https://developer.nvidia.com/cuda-zone}",
	year={2018},
	note="[Интернет; проверено 23 июля 2018 года]",
	language={russian},
}

@inproceedings{das1993influence,
	title={Influence of background noise and microphone on the performance of the IBM TANGORA speech recognition system},
	author={Das, Subrata and Bakis, Raimo and N{\'a}das, Arthur and Nahamoo, David and Picheny, Michael},
	booktitle={Acoustics, Speech, and Signal Processing, 1993. ICASSP-93., 1993 IEEE International Conference on},
	volume={2},
	pages={71--74},
	year={1993},
	organization={IEEE},
	language={english},
}

@book{dassault,
	title={G-Force: Flying the World's Greatest Aircraft: First hand accounts from the pilots who flew them in action},
	author={James Bennet},
	year={2016},
	pages={180--185},
	publisher={Chartwell Books},
	language={english},
}

@article{davis1952automatic,
	title={Automatic recognition of spoken digits},
	author={Davis, K H and Biddulph, R and Balashek, Stephen},
	journal={The Journal of the Acoustical Society of America},
	volume={24},
	number={6},
	pages={637--642},
	year={1952},
	publisher={Acoustical Society of America},
	language={english},
}

@book{de1963functions,
	title={Функции математической физики},
	author={де Ферье, Ж Кампе and Кемпбелл, Р and Петьо, Г and Фогель, Т},
	journal={М., Физматгиз},
	year={1963},
	language={russian},
}

@book{demidovich2013numerical,
	title={Численные методы анализа. Приближение функций, дифференциальные и интегральные уравнения},
	author={Демидович, Борис Павлович and Марон, Исаак Абрамович and Шувалова, Эмма Зиновьевна},
	year={2013},
	publisher={Рипол Классик},
	language={russian},
}

@online{dieleman2015classifying,
	title={Classifying plankton with deep neural networks},
	author={Dieleman, Sander and van den Oord, Aron and Korshunova, Ira and Burms, Jeroen and Degrave, Jonas and Pigou, Lionel and Buteneers, Pieter},
	year={2015},
	url={http://benanne.github.io/2015/03/17/plankton.html},
	language={english},
}

@online{eurofighter2005,
	author={Eurofighter},
	title={Eurofighter Typhoon - About Us},
	year={2005},
	url={https://www.eurofighter.com/about-us},
	language={english},
}

@online{eurofighter2016,
	author={Eurofighter},
	title={Eurofighter Typhoon - Direct Voice Input Description},
	year={2016},
	url={https://www.eurofighter.com/news-and-events/2016/08/the-human-factor},
	language={english},
}

@article{evdokimenkov2015use,
	title={The use of the neural network model of pilot control actions for their individually-adapted support},
	author={Evdokimenkov, V N and Kim, R V and Krasil’shchikov, M N and Sebryakov, G G},
	journal={Journal of Computer and Systems Sciences International},
	volume={54},
	number={4},
	pages={609--620},
	year={2015},
	publisher={Springer},
	language={english},
}

@online{f16vcid,
	author={Lockheed Martin},
	title={F-16 AFTI (Advanced Fighter Technology Integration)},
	year={2014},
	url={http://www.f-16.net/f-16_versions_article13.html},
	language={english},
}

@mastersthesis{ilnara2014optimization,
	author={Гафиатуллина, Ильнара Мидхатовна}, 
	title={Оптимизация алгоритмов автоматического распознавания речевых команд},
	school={Московский физико-технический институт (государственный университет)},
	year=2014,
}

@inproceedings{gawali2010marathi,
	title={Marathi isolated word recognition system using mfcc and dtw features},
	author={Gawali, Bharti W and Gaikwad, Santosh and Yannawar, Pravin and Mehrotra, Suresh C},
	booktitle={Proc. of Int. Conf. on Advances in Computer Science},
	volume={1},
	pages={21--24},
	year={2010},
	organization={Citeseer},
	language={english},
}

@online{gazelle,
	author={Aerospace and Defence News},
	title={QinetiQ Speech Recognition Technology Allows Voice Control of Aircraft Systems},
	year={2007},
	url={http://www.asdnews.com/news-12659/qinetiq_speech_recognition_technology_allows_voice_control_of_aircraft_systems.htm},
	language={english},
}

@online{google2017speech,
	author={Emil Protalinski},
	title={Google’s speech recognition technology now has a 4.9 percent word error rate},
	year={2017},
	url={https://venturebeat.com/2017/05/17/googles-speech-recognition-technology-now-has-a-4-9-word-error-rate/},
	language={english},
}

@article{harris1978usage,
	title={Использование окон при гармоническом анализе методом дискретного преобразования Фурье},
	author={Хэррис, Ф Дж},
	journal={ТИИЭР.},
	volume={66},
	number={1},
	pages={60},
	year={1978},
	language={russian},
}

@book{haykin2008neuron,
	title={Нейронные сети: полный курс, 2-е издание},
	author={Хайкин, Саймон},
	year={2008},
	publisher={Издательский дом Вильямс},
	language={russian},
}

@inproceedings{hirsch2000aurora,
	title={The Aurora experimental framework for the performance evaluation of speech recognition systems under noisy conditions},
	author={Hirsch, Hans-G{\"u}nter and Pearce, David},
	booktitle={ASR2000-Automatic Speech Recognition: Challenges for the new Millenium ISCA Tutorial and Research Workshop (ITRW)},
	year={2000},
	language={english},
}

@article{hochreiter1997long,
	title={Long short-term memory},
	author={Hochreiter, Sepp and Schmidhuber, J{\"u}rgen},
	journal={Neural computation},
	volume={9},
	number={8},
	pages={1735--1780},
	year={1997},
	publisher={MIT Press},
	language={english},
}

@article{itakura1975minimum,
	title={Minimum prediction residual principle applied to speech recognition},
	author={Itakura, Fumitada},
	journal={Acoustics, Speech and Signal Processing, IEEE Transactions on},
	volume={23},
	number={1},
	pages={67--72},
	year={1975},
	publisher={IEEE},
	language={english},
}

@article{ivanov2014investigation,
	title={Исследование характеристик речи дикторов-пилотов с нарушениями слуха в интересах создания системы речевого управления бортовым оборудованием летательных аппаратов},
	author={Иванов, Александр Иванович and Корсун, Олег Николаевич and Большакова, Виктория Алексеевна and Меркулова, Анастасия Геннадьевна},
	journal={Медицина труда и промышленная экология},
	number={11},
	pages={40--45},
	year={2014},
	publisher={Федеральное государственное бюджетное научное учреждение <<Научно-исследовательский институт медицины труда>>},
	language={russian},
}

@article{ivanov2017experimental,
	title={Экспериментальное исследование взаимосвязи характеристик речи и состояния слуха у летного состава с нейросенсорной тугоухостью: пилотное исследование},
	author={Иванов, Александр Иванович and Корсун, Олег Николаевич and Меркулова, Анастасия Геннадьевна and Булгакова, Мария Викторовна and Нахаев, МЗ},
	journal={Медицина труда и промышленная экология},
	number={5},
	pages={58--62},
	year={2017},
	publisher={Федеральное государственное бюджетное научное учреждение <<Научно-исследовательский институт медицины труда имени академика НФ Измерова>>},
	language={russian},
}

@article{karpov2012methodology,
	title={Методология оценивания работы систем автоматического распознавания речи},
	author={Карпов, Алексей Анатольевич and Кипяткова, Ирина Сергеевна},
	journal={Известия высших учебных заведений. Приборостроение},
	volume={55},
	number={11},
	year={2012},
	publisher={Федеральное государственное автономное образовательное учреждение высшего~…}
}

@article{kolokolov2006obrabotka,
	title={Обработка сигнала в частотной области при распознавании речи},
	author={Колоколов, Александр Сергеевич},
	journal={Проблемы управления},
	number={3},
	year={2006},
	publisher={Общество с ограниченной ответственностью <<СенСиДат-Контрол>>},
	language={russian},
}

@article{kolokolov2015compare,
	title={Сравнительное исследование нескольких способов кратковременного частотного анализа речевого сигнала},
	author={Колоколов, Александр Сергеевич and Любинский, И А},
	journal={Автоматика и телемеханика},
	number={10},
	pages={144--151},
	year={2015},
	publisher={Российская академия наук, Отделение энергетики, машиностроения, механики и процессов управления},
	language={russian},
}

@inproceedings{korsun2011synthesis,
	title={Синтез 3D-аудио сигналов для звукового интерфейса перспективной кабины летательного аппарата},
	author={Корсун, Олег Николаевич and Лаврова, Галина Андреевна and Себряков, Герман Георгиевич},
	booktitle={Моделирование авиационных систем},
	pages={452--458},
	year={2011},
	language={russian},
}

@article{korsun2012method,
	title={Методика экспериментального исследования влияния пилотажной перегрузки на характеристики речи в целях создания речевого интерфейса бортового оборудования самолетов},
	author={Корсун, О Н and Иванов, А И and Филатов, В Н and Красавин, И В and Чучупал, В Я},
	journal={Вестник компьютерных и информационных технологий},
	number={5},
	pages={3--7},
	year={2012},
	publisher={Общество с ограниченной ответственностью Издательский дом Спектр},
	language={russian},
}

@article{korsun2012results,
	title={Результаты экспериментальных исследований влияния пилотажной перегрузки на характеристики речи},
	author={Корсун, О Н and Иванов, А И and Филатов, В Н and Красавин, И В and Чучупал, В Я},
	journal={Вестник компьютерных и информационных технологий},
	number={6},
	pages={3--7},
	year={2012},
	publisher={Общество с ограниченной ответственностью Издательский дом Спектр},
	language={russian},
}

@article{korsun2013experimental,
	title={Экспериментальное исследование влияния акустических помех разных видов на результаты автоматического распознавания речевых команд},
	author={Корсун, О Н and Яцко, А А and Финаев, И М and Чучупал, В Я},
	journal={Наука и образование: научное издание МГТУ им. НЭ Баумана},
	number={01},
	year={2013},
	publisher={Федеральное государственное бюджетное образовательное учреждение высшего профессионального образования <<Московский государственный технический университет имени НЭ Баумана>>},
	language={russian},
}

@article{korsun2014algo,
	title={Помехозащищенный алгоритм речевого управления бортовым оборудованием самолета},
	author={Корсун, О Н and Габдрахманов, А Ш},
	journal={Вестник компьютерных и информационных технологий},
	number={4},
	pages={3--7},
	year={2014},
	publisher={Общество с ограниченной ответственностью Издательский дом Спектр},
	language={russian},
}

@article{korsun2015algo,
	title={Алгоритм автоматического распознавания речевых команд, инвариантный к изменению языка},
	author={Корсун, О Н and Габдрахманов, А Ш and Михайлов, Е И and Нахаев, М З and Тулекбаева, А К},
	journal={Мехатроника, автоматизация, управление},
	volume={16},
	number={9},
	pages={599--604},
	year={2015},
	publisher={Общество с ограниченной ответственностью Издательство Новые технологии},
	language={russian},
}

@article{korsun2017recognition,
	title={Распознавание речевых команд на основе использования стационарных соотношений с эталонами <<чужих>> слов},
	author={Корсун, О Н and Габдрахманов, А Ш},
	journal={Вестник компьютерных и информационных технологий},
	number={1},
	pages={10--15},
	year={2017},
	publisher={Общество с ограниченной ответственностью Издательский дом Спектр},
	language={russian},
}

@article{lama2010speech,
	title={Speech recognition with dynamic time warping using MATLAB},
	author={Lama, Palden and Namburu, Mounika},
	journal={Project Report, CS 525, Spring 2010},
	year={2010},
	language={english},
}

@book{lea1980trends,
	title={Trends in speech recognition},
	author={Lea, Wayne A},
	year={1980},
	publisher={Prentice Hall PTR},
	language={english},
}

@article{lecun1995convolutional,
	title={Convolutional networks for images, speech, and time series},
	author={LeCun, Yann and Bengio, Yoshua and others},
	journal={The handbook of brain theory and neural networks},
	volume={3361},
	number={10},
	pages={1995},
	year={1995},
	language={english},
}

@article{lippmann1997speech,
	title={Speech recognition by machines and humans},
	author={Lippmann, Richard P},
	journal={Speech communication},
	volume={22},
	number={1},
	pages={1--15},
	year={1997},
	publisher={Elsevier},
	language={english},
}

@book{luenberger1984linear,
	title={Linear and nonlinear programming},
	author={Luenberger, David G and Ye, Yinyu and others},
	volume={2},
	year={1984},
	publisher={Springer},
	language={english},
}

@inproceedings{mahalanobis1936generalized,
	title={On the generalized distance in statistics},
	author={Mahalanobis, Prasanta Chandra},
	year={1936},
	organization={National Institute of Science of India},
	language={english},
}

@article{matsugu2003subject,
	title={Subject independent facial expression recognition with robust face detection using a convolutional neural network},
	author={Matsugu, Masakazu and Mori, Katsuhiko and Mitari, Yusuke and Kaneda, Yuji},
	journal={Neural Networks},
	volume={16},
	number={5-6},
	pages={555--559},
	year={2003},
	publisher={Elsevier},
	language={english},
}

@book{mazurov1990method,
	title={Метод комитетов в задачах оптимизации и классификации},
	author={Мазуров, Владимир Данилович},
	year={1990},
	publisher={Москва},
	language={russian},
}

@book{max1983methods,
	title={Методы и техника обработки сигналов при физических измерениях: В 2-х т.: Пер. с фр},
	author={Макс, Жак and others},
	volume={1},
	year={1983},
	publisher={Мир},
	language={russian},
}

@misc{mp3,
	title={RFC 5219 - A More Loss-Tolerant RTP Payload Format for MP3 Audio},
	howpublished="\url{https://tools.ietf.org/html/rfc5219}",
	year={2019},
	note="[Интернет; проверено 28 марта 2019 года]",
	language={russian},
}

@online{nikolenko2012,
	author={Николаенко, Сергей Игоревич},
	title={Скрытые марковские модели},
	year={2012},
	publisher={Центр Речевых Технологий},
	url={http://logic.pdmi.ras.ru/~sergey/teaching/mlstc12/07-hmm.pdf},
	language={russian},
}

@book{nikolenko2017,
	title={Глубокое обучение},
	author={Николенко, Сергей Игоревич and Кадурин, Артур Аликович and Архангельская, Екатерина Олеговна},
	year={2017},
	publisher={Издательский дом <<Питер>>},
	language={russian},
}

@book{oppenheim1999discrete,
	title={Discrete-time signal processing},
	author={Oppenheim, Alan V},
	year={1999},
	publisher={Pearson Education India},
	language={english},
}

@inproceedings{pallet1990tools,
	title={Tools for the analysis of benchmark speech recognition tests},
	author={Pallet, David S and Fisher, William M and Fiscus, Jonathan G},
	booktitle={Acoustics, Speech, and Signal Processing, 1990. ICASSP-90., 1990 International Conference on},
	pages={97--100},
	year={1990},
	organization={IEEE},
	language={english},
}

@online{panteleev2001,
	author={Пантелеев, Валерий Леонтьевич},
	title={Скрытые марковские модели},
	year={2001},
	url={http://lnfm1.sai.msu.ru/grav/russian/lecture/mon/mon.htm},
	language={russian},
}

@misc{pedersen2007springer,
	title={Springer Handbook on Speech Processing and Speech Communication, chapter A Survey of Convolutive Blind Source Separation Methods},
	author={Pedersen, M S and Larsen, J and Kjems, U and Parra, L C},
	year={2007},
	publisher={Springer, November},
	language={english},
}

@article{polyak2017principle,
	title={Principle component analysis: Robust versions},
	author={Polyak, Boris Teodorovich and Khlebnikov, Mikhail Vladimirovich},
	journal={Automation and Remote Control},
	volume={78},
	number={3},
	pages={490--506},
	year={2017},
	publisher={Springer},
	language={english},
}

@article{processing2002transmission,
	title={Transmission and Quality Aspects (STQ); Distributed speech recognition; Advanced front-end feature extraction algorithm; Compression algorithms},
	author={Processing, Speech},
	journal={ETSI ES},
	volume={202},
	number={050},
	pages={V1},
	year={2002},
	language={english},
}

@article{rabiner1979cifrovaya,
	title={Цифровая обработка речевых сигналов},
	author={Рабинер, Л Р and Шафер, Р В},
	year={1981},
	publisher={Рипол Классик},
	language={russian},
}

@book{rabiner1993fundamentals,
	title={Fundamentals of speech recognition},
	author={Rabiner, Lawrence R and Juang, Biing-Hwang},
	volume={14},
	year={1993},
	publisher={PTR Prentice Hall Englewood Cliffs},
	language={english},
}

@article{sakoe1978dynamic,
	title={Dynamic programming algorithm optimization for spoken word recognition},
	author={Sakoe, Hiroaki and Chiba, Seibi},
	journal={Acoustics, Speech and Signal Processing, IEEE Transactions on},
	volume={26},
	number={1},
	pages={43--49},
	year={1978},
	publisher={IEEE},
	language={english},
}

@article{savchenko2014algorithm,
	title={Алгоритм пофонемного распознавания устной речи на основе метода нечеткого фонетического кодирования-декодирования слов},
	author={Савченко, Людмила Васильевна},
	journal={Информационно-управляющие системы},
	number={1 (68)},
	year={2014},
	publisher={Государственное образовательное учреждение высшего профессионального образования <<Санкт-Петербургский государственный университет аэрокосмического приборостроения>>},
	language={russian},
}

@article{schmidt2000speech,
	title={Speech in noisy environments (SPINE) evaluation audio},
	author={Schmidt-Nielsen, Astrid and Marsh, Elaine and Tardelli, John and Gatewood, Paul and Kreamer, Elizabeth and Tremain, Thomas and Cieri, Christopher and Wright, Jon},
	journal={Linguistic Data Consortium},
	year={2000},
	language={english},
}

@article{sebryakov2007problems,
	title={Проблемы проектирования полуавтоматических систем наведения летательных аппаратов},
	author={Себряков, Г Г},
	journal={Вестник компьютерных и информационных технологий},
	number={10},
	pages={2--7},
	year={2007},
	publisher={Общество с ограниченной ответственностью Издательский дом Спектр},
	language={russian},
}

@online{senko,
	title={Коллективные метод, бэггинг, бустинг, голосование по системам закономерностей},
	author={Сенько, Олег Валентинович},
	url={http://www.machinelearning.ru/wiki/images/6/66/MOTP14_10.pdf},
	language={russian},
}

@article{stratonovich1975theory,
	title={Теория информации},
	author={Стратонович, Руслан Леонтьевич},
	year={1975},
	publisher={Сов. радио},
	language={russian},
}

@misc{tensorflow,
	title={TensorFlow: An open source machine learning framework for everyone},
	howpublished="\url{https://www.tensorflow.org}",
	year={2018},
	note="[Интернет; проверено 23 июля 2018 года]",
	language={russian},
}

@misc{tflearn,
	title={TFLearn: Deep learning library featuring a higher-level API for TensorFlow},
	howpublished="\url{http://tflearn.org}",
	year={2018},
	note="[Интернет; проверено 23 июля 2018 года]",
	language={russian},
}

@inproceedings{truong2018lightweight,
	title={Lightweight Deep Convolutional Network for Tiny Object Recognition.},
	author={Truong, Thanh-Dat and Nguyen, Vinh-Tiep and Tran, Minh-Triet},
	booktitle={ICPRAM},
	pages={675--682},
	year={2018},
	language={english},
}

@article{waibel1995phoneme,
	title={Phoneme recognition using time-delay neural networks},
	author={Waibel, Alexander and Hanazawa, Toshiyuki and Hinton, Geoffrey and Shikano, Kiyohiro and Lang, Kevin J},
	journal={Backpropagation: Theory, Architectures and Applications},
	pages={35--61},
	year={1995},
	publisher={Lawrence Erlbaum Assoc. Mahwah, NJ},
	language={english},
}

@misc{wav,
	title={RFC 2361 - WAVE and AVI Codec Registries},
	howpublished="\url{https://tools.ietf.org/html/rfc2361}",
	year={2019},
	note="[Интернет; проверено 12 марта 2019 года]",
	language={russian},
}

@article{varga1993assessment,
	title={Assessment for automatic speech recognition: II. NOISEX-92: A database and an experiment to study the effect of additive noise on speech recognition systems},
	author={Varga, Andrew and Steeneken, Herman JM},
	journal={Speech communication},
	volume={12},
	number={3},
	pages={247--251},
	year={1993},
	publisher={Elsevier},
	language={english},
}

@article{velichko1970automatic,
	title={Automatic recognition of 200 words},
	author={Velichko, V M and Zagoruyko, N G},
	journal={International Journal of Man-Machine Studies},
	volume={2},
	number={3},
	pages={223--234},
	year={1970},
	publisher={Elsevier},
	language={english},
}

@article{ventcel1980issledovanie,
	title={Исследование операций. Задачи принципы методология},
	author={Вентцель, Е С},
	year={1980},
	language={russian},
}

@article{ventcel1999theory,
	title={Теория вероятностей и математическая статистика: Учебник.--5-е изд., стереотип},
	author={Вентцель, Е С},
	journal={М.: Высш. шк},
	year={1999},
	language={russian},
}
